<record><leader>00000cas a22000007a 4500</leader><controlfield tag="001">11269474</controlfield><controlfield tag="008">841016c19549999ncudr ne      0   a0eng d</controlfield><datafield ind1=" " ind2=" " tag="010"><subfield code="a">sn 84002327 </subfield></datafield><datafield ind1=" " ind2=" " tag="040"><subfield code="a">NSD</subfield><subfield code="b">eng</subfield><subfield code="c">NSD</subfield><subfield code="d">NVJ</subfield><subfield code="d">CUS</subfield><subfield code="d">OCLCQ</subfield><subfield code="d">OCLCF</subfield><subfield code="d">AU@</subfield><subfield code="d">OCL</subfield></datafield><datafield ind1=" " ind2=" " tag="012"><subfield code="m">1</subfield></datafield><datafield ind1=" " ind2=" " tag="019"><subfield code="a">870982171</subfield></datafield><datafield ind1="1" ind2=" " tag="022"><subfield code="a">8750-3565</subfield><subfield code="l">8750-3565</subfield><subfield code="2">1</subfield></datafield><datafield ind1=" " ind2=" " tag="032"><subfield code="a">582480</subfield><subfield code="b">USPS</subfield></datafield><datafield ind1=" " ind2=" " tag="037"><subfield code="b">Jacksonville Daily News Co., P.O. Box 196, Jacksonville, NC 28541-0196</subfield></datafield><datafield ind1=" " ind2=" " tag="042"><subfield code="a">nsdp</subfield><subfield code="a">msc</subfield></datafield><datafield ind1=" " ind2=" " tag="043"><subfield code="a">n-us-nc</subfield></datafield><datafield ind1="0" ind2=" " tag="130"><subfield code="a">Daily news (Jacksonville, N.C.)</subfield></datafield><datafield ind1=" " ind2="0" tag="222"><subfield code="a">Daily news</subfield><subfield code="b">(Jacksonville, N.C.)</subfield></datafield><datafield ind1="1" ind2="0" tag="245"><subfield code="a">Daily news.</subfield></datafield><datafield ind1=" " ind2=" " tag="260"><subfield code="a">Jacksonville, N.C. :</subfield><subfield code="b">Jacksonville Daily News Co.</subfield></datafield><datafield ind1=" " ind2=" " tag="300"><subfield code="a">v.</subfield></datafield><datafield ind1=" " ind2=" " tag="310"><subfield code="a">Daily,</subfield><subfield code="b">Oct. 1, 1984-</subfield></datafield><datafield ind1=" " ind2=" " tag="321"><subfield code="a">Daily (Mon.-Sat.),</subfield><subfield code="b">Feb. 17, 1954-Sept. 29, 1984</subfield></datafield><datafield ind1="0" ind2=" " tag="362"><subfield code="a">Vol. 18, no. 37 (Feb. 17, 1954)-</subfield></datafield><datafield ind1=" " ind2=" " tag="515"><subfield code="a">Numbering ceased with Oct. 15, 1989 issue.</subfield></datafield><datafield ind1=" " ind2=" " tag="588"><subfield code="a">Latest issue consulted: Vol. 48, no. 248 (Thursday, Sept. 5, 1991).</subfield></datafield><datafield ind1=" " ind2="0" tag="651"><subfield code="a">Jacksonville (N.C.)</subfield><subfield code="v">Newspapers.</subfield></datafield><datafield ind1=" " ind2="7" tag="651"><subfield code="a">North Carolina</subfield><subfield code="z">Jacksonville.</subfield><subfield code="2">fast</subfield><subfield code="0">(OCoLC)fst01218872</subfield></datafield><datafield ind1=" " ind2="7" tag="655"><subfield code="a">Periodicals</subfield><subfield code="2">fast</subfield><subfield code="0">(OCoLC)fst01411641</subfield></datafield><datafield ind1=" " ind2="7" tag="655"><subfield code="a">Newspapers.</subfield><subfield code="2">fast</subfield><subfield code="0">(OCoLC)fst01423814</subfield></datafield><datafield ind1=" " ind2="0" tag="655"><subfield code="a">Electronic journals</subfield></datafield><datafield ind1=" " ind2=" " tag="752"><subfield code="a">United States</subfield><subfield code="b">North Carolina</subfield><subfield code="c">Onslow</subfield><subfield code="d">Jacksonville.</subfield></datafield><datafield ind1="0" ind2="8" tag="776"><subfield code="i">Online version:</subfield><subfield code="t">Daily news (Jacksonville, N.C. : Online)</subfield><subfield code="w">(OCoLC)60626740</subfield></datafield><datafield ind1="0" ind2="0" tag="780"><subfield code="t">Jacksonville daily news (Jacksonville, N.C.)</subfield><subfield code="w">(DLC)sn 94058202</subfield></datafield><datafield ind1="1" ind2=" " tag="029"><subfield code="a">AU@</subfield><subfield code="b">000046671533</subfield></datafield><datafield ind1="1" ind2=" " tag="029"><subfield code="a">AU@</subfield><subfield code="b">000045278401</subfield></datafield></record>